<?xml version="1.0" encoding="UTF-8"?><record xmlns="http://www.loc.gov/MARC21/slim" xmlns:cinclude="http://apache.org/cocoon/include/1.0" xmlns:zs="http://www.loc.gov/zing/srw/">
  <leader>00473nz  a2200133n  4500</leader>
  <controlfield tag="001">n  87845237 </controlfield>
  <controlfield tag="003">DLC</controlfield>
  <controlfield tag="005">19871118130554.5</controlfield>
  <controlfield tag="008">870915n| acannaab|          |a ana |||  </controlfield>
  <datafield tag="010" ind1=" " ind2=" ">
    <subfield code="a">n  87845237 </subfield>
  </datafield>
  <datafield tag="040" ind1=" " ind2=" ">
    <subfield code="a">DLC</subfield>
    <subfield code="c">DLC</subfield>
    <subfield code="d">DLC</subfield>
  </datafield>
  <datafield tag="110" ind1="2" ind2="0">
    <subfield code="a">Folk Arts Network (Mass.)</subfield>
  </datafield>
  <datafield tag="410" ind1="2" ind2="0">
    <subfield code="a">FAN</subfield>
  </datafield>
  <datafield tag="670" ind1=" " ind2=" ">
    <subfield code="a">Resource guide (Cambridge, Mass.). Resource guide, 1986-87:</subfield>
    <subfield code="b">t.p. (Folk Arts Network) p. 1 (FAN; includes people from all walks of life throughout the greater Boston and Cambridge areas)</subfield>
  </datafield>
</record>